<?xml version="1.0" encoding="UTF-8"?><collection xmlns="http://www.loc.gov/MARC21/slim"><record><leader>00554nam--2200181-i-4500</leader><controlfield tag="001">000037838</controlfield><controlfield tag="002">20161230</controlfield><controlfield tag="005">20161230201041</controlfield><controlfield tag="008">060222s1000------------r-----000-0-ger-d</controlfield><datafield ind1=" " ind2=" " tag="040"><subfield code="a">IFIN-HH</subfield></datafield><datafield ind1=" " ind2=" " tag="041"><subfield code="a">ger</subfield></datafield><datafield ind1=" " ind2=" " tag="080"><subfield code="a">533.9.07:621.387.143(043)</subfield></datafield><datafield ind1="1" ind2=" " tag="100"><subfield code="a">Ranke, Horst</subfield></datafield><datafield ind1="1" ind2="0" tag="245"><subfield code="a">Aufbau einer messapparatur und messung charak-teristischer strahleigenschaften einer douplasmatron-ionenquelle. dissert</subfield><subfield code="c">Horst ranke</subfield></datafield><datafield ind1=" " ind2=" " tag="260"><subfield code="a">Stuttgart, Fakultat Fur Physik, 1982,</subfield></datafield><datafield ind1=" " ind2=" " tag="300"><subfield code="a">90P</subfield></datafield><datafield ind1=" " ind2=" " tag="852"><subfield code="a">70842</subfield><subfield code="c">533.9</subfield></datafield><datafield ind1=" " ind2=" " tag="CAT"><subfield code="a">Sys</subfield><subfield code="c">20100930</subfield><subfield code="h">152533</subfield></datafield></record></collection>